@phdthesis{cn1,
  title={几类传染病模型的定性分析},
  author={丁玲芬},
  publisher={湖南师范大学},
  year={2009}
}

@article{cn2,
  title={传染病动力学模型及其在新型冠状病毒肺炎疫情仿真预测中的应用综述},
  author={李昊 and 段德光 and 陶学强 and 陈恩 and 高树田},
  journal={医疗卫生装备},
  volume={41},
  pages={7--12},
  year={2020}
}

@article{cn3,
  title={长短记忆神经网络在流行性感冒暴发预测中的应用},
  author={陈亿雄 and 李苑 and 刘小明 and 李淑珍},
  journal={江苏预防医学},
  Volume={30},
  pages={622-625},
  year={2019}
}

@phdthesis{cn4,
  title={基于长短时记忆神经网络的脑血管疾病预测系统研究},
  author={姚春晓},
  publisher={北京交通大学},
  year={2019}
}

@phdthesis{cn5,
  title={基于机器学习的乙类传染病预测模型研究与实现},
  author={黄鹏},
  publisher={电子科技大学},
  year={2019}
}

@article{anuradha2020Prediction,
  title={Prediction for the spread of COVID-19 in India and effectiveness of 
  preventive measures},
  author={Anuradha Tomar and Neeraj Gupta},
  journal={Science of The Total Environment},
  volume={728},
  pages={138762},
  year={2020}
}

@article{yan2020an,
  title={An Improved Method for the Fitting and Prediction of the Number of 
  COVID-19 Confirmed Cases Based on LSTM},
  author={Yan, Bingjie and Tang, Xiangyan and Liu, Boyi and Wang, Jun and Zhou, 
  Yize and Zheng, Guopeng and Zou, Qi and Lu, Yao and Tu, Wenxuan},
  year={2020},
  month={05}
}

@article{yang2020modified,
  title={Modified SEIR and AI prediction of the epidemics trend of COVID-19 in 
  China under public health interventions},
  author={Yang, Zifeng and Zeng, Zhiqi and Wang, Ke and Wong, Sook-San and 
  Liang, Wenhua and Zanin, Mark and Liu, Peng and Cao, Xudong and Gao, 
  Zhongqiang and Mai, Zhitong and Liang, Jingyi and Liu, Xiaoqing and Li, 
  Shiyue and Li, Yimin and Ye, Feng and Guan, Weijie and Yang, Yifan and Li, 
  Fei and Luo, Shengmei and He, Jianxing},
  journal={Journal of Thoracic Disease},
  volume={12},
  pages={165--174},
  year={2020},
  month={03}
}

@article{cn6,
  title={基于改进传染动力学易感-暴露-感染-恢复（SEIR）模型预测新型冠状病毒肺炎疫情},
  author={王思远 and 谭瀚霖 and 李东杰},
  journal={第二军医大学学报},
  pages={1--5},
  year={2020},
  month={06}
}

@article{cn7,
  title={大数据视角下遏制新型冠状病毒的举措成效分析},
  author={卿登莉 and 火斌昌 and 杨凤},
  journal={统计与管理},
  volume={35},
  pages={32--36},
  year={2020}
}

@article{cn8,
  title={新型冠状病毒肺炎感染的数学建模与控制策略},
  author={孙德顺 and 段莉 and 王大平 and 熊建义},
  journal={中华疾病控制杂志},
  volume={24},
  pages={523--528},
  year={2020}
}

@article{liu2020modeling,
  title = {Modelling the evolution trajectory of COVID-19 in Wuhan, China: 
  Experience and suggestions},
  author={Liu, Ming and Ning, Jing and Du, Yurui and Cao, Jie and Zhang, Ding 
  and Wang, Jiangang and Chen, Mingjun},
  journal={Public Health},
  volume={183},
  year={2020},
  month={05}
}

@article{marimuthu2020covid,
  title = {COVID-19 and Tuberculosis: A mathematical model based forecasting in 
  Delhi, India},
  author={Marimuthu, Yamini and Nagappa, Bharathnag and Sharma, Nandini and 
  Basu, Saurav and Chopra, Kamal},
  journal={The Indian journal of tuberculosis},
  volume={67},
  pages={177--181},
  year={2020},
  month={05}
}

@article{yudistira2020covid,
  title={COVID-19 growth prediction using multivariate long short term memory}
  author={Yudistira, Novanto},
  year={2020},
  month={05}	
}

@article{reddy2020time,
  title={Time Series Forecasting of COVID-19 transmission in Canada Using LSTM 
  Networks},
  author={Reddy, C Vinay Kumar and Zhang, Lei},
  journal={Chaos, Solitons \& Fractals},
  pages={109864},
  year={2020},
  month={05}
}

@article{hochreiter1997lstm,
  title={LSTM can solve hard long time lag problems},
  author={Hochreiter, Sepp and Schmidhuber, Jürgen},
  journal={Advances in neural information processing systems},
  pages={473--479},
  year={1997},
  publisher={MIT Press}
}
  
@article{gers2000learning,
  title={Learning to Forget: Continual Prediction with LSTM},
  author={Gers, Felix A. and Schmidhuber, Jürgen and Cummins, Fred},
  journal={Neural Computation},
  volume={12},
  number={10},
  pages={2451--2471},
  year={2000},
}

@inproceedings{graves2005bidirectional,
  title={Bidirectional LSTM Networks for Improved Phoneme Classification and Recognition},
  author={Graves, Alex and Fernández, Santiago and Schmidhuber, Jürgen},
  booktitle={Artificial Neural Networks: Formal Models \& Their 
  Applications-icann, International Conference, Warsaw, Poland, September, Part 
  II},
  year={2005},
  month={01},
  pages={799--804},
}

@article{graves2005framewise,
  title={Framewise phoneme classification with bidirectional LSTM and other neural network architectures},
  author={Graves, Alex and Schmidhuber, J{\"u}rgen},
  journal={Neural networks: the official journal of the International Neural 
  Network Society},
  volume={18},
  pages={602--610},
  year={2005},
  month={07},
}

@article{schmidhuber2007training,
  title={Training recurrent networks by evolino},
  author={Schmidhuber, J{\"u}rgen and Wierstra, Daan and Gagliolo, Matteo and Gomez, Faustino},
  journal={Neural computation},
  volume={19},
  number={3},
  pages={757--779},
  year={2007},
  month={04},
}

@InProceedings{bayer2009evolving,
  title={Evolving memory cell structures for sequence learning},  
  author={Bayer, Justin and Wierstra, Daan and Togelius, Julian and Schmidhuber, J{\"u}rgen},
  booktitle={International Conference on Artificial Neural Networks -- ICANN 2009}, 
  pages={755--764},
  year={2009},
  publisher={Springer Berlin Heidelberg},
}

@article{schaul2010pybrain,
  title={PyBrain},
  author={Schaul, Tom and Bayer, Justin and Wierstra, Daan and Sun, Yi and Felder, Martin and Sehnke, Frank and R{\"u}ckstie{\ss}, Thomas and Schmidhuber, J{\"u}rgen},
  journal={Journal of Machine Learning Research},
  volume={11},
  number={24},
  pages={743--746},
  year={2010},
}

@inproceedings{graves2013hybrid,
  title={Hybrid speech recognition with deep bidirectional LSTM},
  author={Graves, Alex and Jaitly, Navdeep and Mohamed, Abdel-rahman},
  journal={2013 IEEE Workshop on Automatic Speech Recognition and Understanding, ASRU 2013 - Proceedings},
  pages={273--278},
  year={2013},
  month={12},
}

@article{bayer2014Learning,
  title={Learning Stochastic Recurrent Networks},
  author={Bayer, Justin and Osendorfer, Christian},
  journal={Eprint Arxiv},
  year={2014},
  month={11},
}

